@online{Wipo,
	title = {What is intellectual property?},
	author = {},
	year = {2017},
	url = {http://www.wipo.int/about-ip/en/},
	urldate = {2017-03-04}
}

@online{Vorys2013,
	title = {Ten common missconceptions about copyright and fair use},
	author = {Vorys, Sater, Seymour and Pease},
	year = {2013},
	url = {http://www.vorys.com/publications-1143.html},
	urldate = {2017-03-22}
}

@online{WikiFair,
	title = {Fair use - Wikipedia},
	author = {Wikipedia},
	year = {2017},
	url = {https://en.wikipedia.org/wiki/Fair_use},
	urldate = {2017-03-22}
}

@online{Hayes2014,
	title = {Advanced Copyright Issues On The Internet},
	author = {David L. Hayes},
	year = {2014},
	url = {http://www.mondaq.com/unitedstates/x/307738/Copyright/Advanced+Copyright+Issues+On+The+Internet},
	urldate = {2017-03-04}
}

@misc{Rogers2017,
	abstract = {A Series of Forbes Insights Profiles of Thought Leaders Changing the Business Landscape:  Victoria Espinel, President and CEO, BSA | The Software Alliance},
	author = {Rogers, Bruce},
	booktitle = {Forbes - Leadership},
	pages = {2},
	title = {{Victoria Espinel Leads BSA The Software Alliance To Advocate For Tech Jobs And Education}},
	url = {https://www.forbes.com/sites/brucerogers/2017/01/11/victoria-espinel-leads-bsa-the-software-alliance-to-advocate-for-tech-jobs-and-education/#1dc167c43b2b},
	urldate = {2017-03-02},
	year = {2017}
}
@misc{BSA2017,
	abstract = {BSA is the leading advocate for the global software industry before governments and in the international marketplace. Its members are among the world's most innovative companies, creating software solutions that spark the economy and improve modern life.},
	title = {{BSA | The Software Alliance}},
	url = {http://www.bsa.org/?sc_lang=en-US},
	urldate = {2017-03-02},
	year = {2017}
}
@misc{Gaskin2009,
	abstract = {The Business Software Alliance (BSA) bullies small companies that can't present the single piece of evidence it considers acceptable as proof of software ownership. What evidence is that? Want to guess? If you guess wrong, you pay a fine.},
	author = {Gaskin, James E.},
	booktitle = {NetworkWorld},
	title = {{Business Software Alliance Dirty Tricks Update | Network World}},
	url = {http://www.networkworld.com/article/2251718/smb/business-software-alliance-dirty-tricks-update.html},
	urldate = {2017-03-02},
	year = {2009}
}
@article{Melymuka2006,
	abstract = {"There are two types of companies: those that have been audited [for software violations] and those that will be."},
	author = {Melymuka, Kathleen and Scott, Robert J.},
	journal = {Computerworld},
	number = {23},
	pages = {58},
	publisher = {Computerworld Inc.},
	title = {{Under Threat of Litigation - How to survive a software audit}},
	url = {https://books.google.ch/books?id=O-iwVLkqWlIC&pg=PA48&dq=SIIA&hl=de&sa=X&ved=0ahUKEwjhz8-o_9DSAhXH8RQKHUjIBckQ6AEIHDAA#v=onepage&q&f=false},
	volume = {40},
	year = {2006}
}
@article{SIIAreward,
	author = {SIIA},
	year = {2001},
	title = {{SIIA'S corporate anti-piracy reward program}},
	url = {https://www.siia.net/piracy/report/siia_reward_program.pdf}
}
@misc{EFFmanila,
	author = {EFF},
	title = {{Manila Principles}},
	url = {https://www.manilaprinciples.org/},
	urldate = {2017-03-12}
}
@misc{EFFhistory,
	author = {EFF},
	title = {{A History of Protecting Freedom Where Law and Technology Collide}},
	url = {https://www.eff.org/about/history},
	urldate = {2017-03-12}
}
@misc{Schultz,
	abstract = {Every year numerous illegitimate patent applications make their way through the United States patent examination process without adequate review. The problem is particularly
	acute in the software and Internet fields where the history of prior inventions (often called “prior art”) is widely distributed and poorly documented.},
	author = {Schultz, Jason},
	title = {{The Patent Busting Project An EFF Initiative To Protect Innovation and Free Expression}},
	url = {https://www.eff.org/files/filenode/eff_patent_busting_project.pdf},
	urldate = {2017-03-12}
}
@misc{CC2016,
	author = {CC},
	mendeley-groups = {InfKol Thesis},
	title = {{History - Creative Commons}},
	url = {https://creativecommons.org/about/history/},
	urldate = {2017-03-12},
	year = {2016}
}
@misc{Plotkin2002,
	abstract = {Stanford law professor and author Lawrence Lessig and a small band of collaborators at MIT, Duke, Harvard and Villanova are about to embark on a new endeavor that could help reignite the global high-tech economy.},
	author = {Plotkin, Hal},
	booktitle = {SFGate},
	title = {{All Hail Creative Commons / Stanford professor and author Lawrence Lessig plans a legal insurrection - SFGate}},
	url = {http://www.sfgate.com/news/article/All-Hail-Creative-Commons-Stanford-professor-2874018.php},
	urldate = {2017-03-12},
	year = {2002}
}
@misc{Berry2005,
	author = {Berry, David},
	booktitle = {Free Software Magazine},
	title = {{Free Software Magazine - On the “Creative Commons”: a critique of the commons without commonalty}},
	url = {http://freesoftwaremagazine.com/articles/commons_without_commonality/},
	urldate = {2017-03-12},
	year = {2005}
}
@misc{SwissFederalInstituteofIntellectualProperty2017,
	author = {{Swiss Federal Institute of Intellectual Property}},
	title = {{Trade marks - First steps}},
	url = {https://www.ige.ch/en/trademarks/trademarks-first-steps.html},
	urldate = {2017-03-26},
	year = {2017}
}
@article{StatesPatent2016,
	author = {{States Patent}, United and Office, Trademark},
	mendeley-groups = {InfKol Thesis},
	title = {{Protecting Your Trademark ENHANCING YOUR RIGHTS THROUGH FEDERAL REGISTRATION}},
	url = {https://www.uspto.gov/sites/default/files/documents/BasicFacts.pdf},
	year = 2016
}
